<?xml version="1.0" encoding="UTF-8"?><collection xmlns="http://www.loc.gov/MARC21/slim"><record><leader>00506nam--2200181-i-4500</leader><controlfield tag="001">000011860</controlfield><controlfield tag="002">20161230</controlfield><controlfield tag="005">20161230201029</controlfield><controlfield tag="008">060222s1000------------r-----000-0-eng-d</controlfield><datafield ind1=" " ind2=" " tag="040"><subfield code="a">IFIN-HH</subfield></datafield><datafield ind1=" " ind2=" " tag="080"><subfield code="a">539.172.6(041)</subfield></datafield><datafield ind1="1" ind2=" " tag="100"><subfield code="a">Argyres, E.N</subfield></datafield><datafield ind1="1" ind2="0" tag="245"><subfield code="a">Charge-transfer distributions in a neutral cluster model</subfield><subfield code="c">E.n. argyres, c.s. lam</subfield></datafield><datafield ind1=" " ind2=" " tag="260"><subfield code="a">Montreal</subfield><subfield code="b">Mcgill University</subfield><subfield code="c">1976</subfield></datafield><datafield ind1=" " ind2=" " tag="300"><subfield code="a">10 P. + 3 FIGURI</subfield></datafield><datafield ind1="1" ind2=" " tag="700"><subfield code="a">Lam, C.S</subfield></datafield><datafield ind1=" " ind2=" " tag="852"><subfield code="a">43893</subfield><subfield code="c">539.17</subfield></datafield><datafield ind1=" " ind2=" " tag="CAT"><subfield code="a">Sys</subfield><subfield code="c">20120615</subfield><subfield code="h">093552</subfield></datafield></record></collection>